@article{buchanan1997,
  title={When is simple good enough: A comparison of the Gompertz, Baranyi, and three-phase linear models for fitting bacterial growth curves},
  author={Buchanan, R. L. and Whiting, R. C. and Damert, W. C.},
  journal={Food Microbiology},
  volume={14},
  number={4},
  pages={313--326},
  year={1997},
  doi={10.1006/fmic.1997.0125}
}

@article{domingos1999,
  title={The Role of Occam’s Razor in Knowledge Discovery},
  author={Domingos, P.},
  journal={Data Mining and Knowledge Discovery},
  volume={3},
  number={4},
  pages={409--425},
  year={1999},
  doi={10.1023/A:1009868929893}
}

@inbook{erkmen2016,
  title={Microbial Growth in Foods},
  author={Erkmen, O. and Bozoglu, T. F.},
  booktitle={Food Microbiology: Principles into Practice},
  pages={13--34},
  year={2016},
  publisher={John Wiley \& Sons, Ltd.},
  doi={10.1002/9781119237860.ch2}
}

@article{grijspeerdt1999,
  title={Estimating the parameters of the Baranyi model for bacterial growth},
  author={Grijspeerdt, K. and Vanrolleghem, P. A.},
  journal={Food Microbiology},
  volume={16},
  number={6},
  pages={593--605},
  year={1999},
  doi={10.1006/fmic.1999.0285}
}

@article{johnson2004,
  title={Model selection in ecology and evolution},
  author={Johnson, J. B. and Omland, K. S.},
  journal={Trends in Ecology \& Evolution},
  volume={19},
  number={2},
  pages={101--108},
  year={2004},
  doi={10.1016/j.tree.2003.10.013}
}

@article{keller2006,
  title={Communication in bacteria: An ecological and evolutionary perspective},
  author={Keller, L. and Surette, M. G.},
  journal={Nature Reviews Microbiology},
  volume={4},
  number={4},
  pages={Article 4},
  year={2006},
  doi={10.1038/nrmicro1383}
}

@article{kuha2004,
  title={AIC and BIC: Comparisons of Assumptions and Performance},
  author={Kuha, J.},
  journal={Sociological Methods \& Research},
  volume={33},
  number={2},
  pages={188--229},
  year={2004},
  doi={10.1177/0049124103262065}
}

@article{mcatee1936,
  title={The Malthusian Principle in Nature},
  author={McAtee, W. L.},
  journal={The Scientific Monthly},
  volume={42},
  number={5},
  pages={444--456},
  year={1936}
}

@book{mckellar2003,
  title={Modeling Microbial Responses in Food},
  author={McKellar, R. C. and Lu, X.},
  year={2003},
  publisher={CRC Press}
}

@article{md2011,
  title={Predictive microbiology: Modeling microbial responses in food},
  author={Md, F. and Mazumdar, R. and Mannan, S.},
  journal={Ceylon Journal of Science (Biological Sciences)},
  volume={40},
  pages={121--131},
  year={2011},
  doi={10.4038/cjsbs.v40i2.3928}
}

@article{peleg2011,
  title={Microbial Growth Curves: What the Models Tell Us and What They Cannot},
  author={Peleg, M. and Corradini, M. G.},
  journal={Critical Reviews in Food Science and Nutrition},
  volume={51},
  number={10},
  pages={917--945},
  year={2011},
  doi={10.1080/10408398.2011.570463}
}

@book{penny2011,
  title={Statistical Parametric Mapping: The Analysis of Functional Brain Images},
  author={Penny, W. D. and Friston, K. J. and Ashburner, J. T. and Kiebel, S. J. and Nichols, T. E.},
  year={2011},
  publisher={Elsevier}
}

@manual{posada2003,
  title={Using MODELTEST and PAUP* to Select a Model of Nucleotide Substitution},
  author={Posada, D.},
  year={2003},
  url={https://doi.org/10.1002/0471250953.bi0605s00}
}

@misc{rivera-tapia2003,
  title={Antibiotic resistance, public health problem},
  author={Rivera-Tapia, J. A.},
  year={2003}
}

@article{ross2003,
  title={Modeling microbial growth within food safety risk assessments},
  author={Ross, T. and McMeekin, T. A.},
  journal={Risk Analysis: An Official Publication of the Society for Risk Analysis},
  volume={23},
  number={1},
  pages={179--197},
  year={2003},
  doi={10.1111/1539-6924.00299}
}

@article{zwietering1990,
  title={Modeling of the Bacterial Growth Curve},
  author={Zwietering, M. H. and Jongenburger, I. and Rombouts, F. M. and van ’t Riet, K.},
  journal={Applied and Environmental Microbiology},
  volume={56},
  number={6},
  pages={1875--1881},
  year={1990},
  doi={10.1128/aem.56.6.1875-1881.1990}
}
